<record><leader>00000cas a2200000 i 4500</leader><controlfield tag="001">962749141</controlfield><controlfield tag="006">m     o  d        </controlfield><controlfield tag="007">cr |||||||||||</controlfield><controlfield tag="008">161116d18821884ncuwn neo     0   a0eng  </controlfield><datafield ind1=" " ind2=" " tag="010"><subfield code="a">  2016271224</subfield></datafield><datafield ind1=" " ind2=" " tag="040"><subfield code="a">DLC</subfield><subfield code="b">eng</subfield><subfield code="e">rda</subfield><subfield code="c">DLC</subfield><subfield code="d">DLC</subfield><subfield code="d">OCLCF</subfield></datafield><datafield ind1="0" ind2=" " tag="022"><subfield code="a">2474-9907</subfield><subfield code="2">1</subfield></datafield><datafield ind1=" " ind2=" " tag="042"><subfield code="a">pcc</subfield><subfield code="a">nsdp</subfield></datafield><datafield ind1=" " ind2=" " tag="043"><subfield code="a">n-us-nc</subfield></datafield><datafield ind1="1" ind2="0" tag="050"><subfield code="a">ISSN RECORD</subfield></datafield><datafield ind1="1" ind2="0" tag="082"><subfield code="a">071</subfield><subfield code="2">23</subfield></datafield><datafield ind1="0" ind2=" " tag="130"><subfield code="a">Commonwealth (Scotland Neck, N.C.)</subfield></datafield><datafield ind1=" " ind2="4" tag="222"><subfield code="a">The commonwealth</subfield><subfield code="b">(Scotland Neck, N.C. Online)</subfield></datafield><datafield ind1="1" ind2="4" tag="245"><subfield code="a">The commonwealth.</subfield></datafield><datafield ind1=" " ind2="1" tag="264"><subfield code="a">Scotland Neck, N. C. :</subfield><subfield code="b">D. E. Stainback</subfield></datafield><datafield ind1=" " ind2=" " tag="300"><subfield code="a">1 online resource</subfield></datafield><datafield ind1=" " ind2=" " tag="310"><subfield code="a">Weekly (except at Christmas)</subfield></datafield><datafield ind1=" " ind2=" " tag="336"><subfield code="a">text</subfield><subfield code="b">txt</subfield><subfield code="2">rdacontent</subfield></datafield><datafield ind1=" " ind2=" " tag="337"><subfield code="a">computer</subfield><subfield code="b">c</subfield><subfield code="2">rdamedia</subfield></datafield><datafield ind1=" " ind2=" " tag="338"><subfield code="a">online resource</subfield><subfield code="b">cr</subfield><subfield code="2">rdacarrier</subfield></datafield><datafield ind1="1" ind2=" " tag="362"><subfield code="a">Began in Aug. 1882; ceased in 1884.</subfield></datafield><datafield ind1=" " ind2=" " tag="500"><subfield code="a">Publisher: E. E. Hilliard, &lt;October 4, 1883&gt;.</subfield></datafield><datafield ind1=" " ind2=" " tag="515"><subfield code="a">Suspended with Nov. 2, 1882 issue; resumed with Dec. 7, 1882 issue.</subfield></datafield><datafield ind1=" " ind2=" " tag="588"><subfield code="a">Description based on: Vol. I, no. 4 (August 24, 1882); title from masthead (Chroniclingamerica.loc.gov, viewed November 16, 2016).</subfield></datafield><datafield ind1=" " ind2=" " tag="588"><subfield code="a">Latest issue consulted: Vol. II, no. 5 (October 4, 1883) (Chroniclingamerica.loc.gov, viewed November 16, 2016).</subfield></datafield><datafield ind1=" " ind2="0" tag="651"><subfield code="a">Scotland Neck (N.C.)</subfield><subfield code="v">Newspapers.</subfield></datafield><datafield ind1=" " ind2="7" tag="655"><subfield code="a">Newspapers.</subfield><subfield code="2">fast</subfield><subfield code="0">(OCoLC)fst01423814</subfield></datafield><datafield ind1=" " ind2="7" tag="651"><subfield code="a">North Carolina</subfield><subfield code="z">Scotland Neck.</subfield><subfield code="2">fast</subfield><subfield code="0">(OCoLC)fst01224371</subfield></datafield><datafield ind1=" " ind2=" " tag="752"><subfield code="a">United States</subfield><subfield code="b">North Carolina</subfield><subfield code="c">Halifax</subfield><subfield code="d">Scotland Neck.</subfield></datafield><datafield ind1="0" ind2="8" tag="776"><subfield code="i">Originally issued in print: Commonwealth (Scotland Neck, N.C.)</subfield><subfield code="x">2474-9893</subfield><subfield code="w">(DLC)sn 92073906</subfield><subfield code="w">(OCoLC)25107269</subfield></datafield><datafield ind1="0" ind2="0" tag="785"><subfield code="t">Democrat (Scotland Neck, N.C.)</subfield><subfield code="x">2474-9923</subfield><subfield code="w">(DLC)  2016271225</subfield><subfield code="w">(OCoLC)962749735</subfield></datafield><datafield ind1="4" ind2="0" tag="856"><subfield code="u">http://chroniclingamerica.loc.gov/lccn/sn92073906/issues/</subfield></datafield></record>